<record><leader>00000cas a2200000I  4500</leader><controlfield tag="001">8364177</controlfield><controlfield tag="008">820423d18901931vaumr n       0   a0eng d</controlfield><datafield ind1=" " ind2=" " tag="010"><subfield code="a">sn 94060188 </subfield></datafield><datafield ind1=" " ind2=" " tag="040"><subfield code="a">VIC</subfield><subfield code="b">eng</subfield><subfield code="c">VIC</subfield><subfield code="d">NVK</subfield><subfield code="d">OCLCQ</subfield><subfield code="d">OCLCF</subfield><subfield code="d">OCLCO</subfield></datafield><datafield ind1=" " ind2=" " tag="043"><subfield code="a">n-us-va</subfield></datafield><datafield ind1=" " ind2=" " tag="090"><subfield code="a">HS2330.J9</subfield><subfield code="b">V7</subfield></datafield><datafield ind1="0" ind2="4" tag="245"><subfield code="a">The Virginia courier.</subfield></datafield><datafield ind1=" " ind2=" " tag="260"><subfield code="a">Petersburg, Va. :</subfield><subfield code="b">Virginia Courier Pub. Co.,</subfield></datafield><datafield ind1=" " ind2=" " tag="300"><subfield code="a">41? v.</subfield><subfield code="b">ill., ports.</subfield><subfield code="c">40-59 cm.</subfield></datafield><datafield ind1=" " ind2=" " tag="310"><subfield code="a">Monthly,</subfield><subfield code="b">191?-1931</subfield></datafield><datafield ind1=" " ind2=" " tag="321"><subfield code="a">Monthly,</subfield><subfield code="b">1890-May 1899</subfield></datafield><datafield ind1=" " ind2=" " tag="321"><subfield code="a">Semimonthly,</subfield><subfield code="b">June 1899-191?</subfield></datafield><datafield ind1="0" ind2=" " tag="362"><subfield code="a">v. 1-41? June 1890-May? 1931?</subfield></datafield><datafield ind1=" " ind2=" " tag="500"><subfield code="a">Editors: 189?-1898, Walter Brown.--June 15, 1899-1931, T.B. Ivey.</subfield></datafield><datafield ind1=" " ind2=" " tag="515"><subfield code="a">Nov. 15, 1899 number not issued.</subfield></datafield><datafield ind1=" " ind2=" " tag="515"><subfield code="a">Nos. 12 and 13 both dated Dec. 1, 1899.</subfield></datafield><datafield ind1=" " ind2=" " tag="520"><subfield code="a">Includes directory of subordinate councils, news of Daughters of Liberty, etc.</subfield></datafield><datafield ind1=" " ind2=" " tag="550"><subfield code="a">Official organ of the State Council of Virginia, Junior Order United American Mechanics (and of the State Council of North Carolina, June 1892-Oct. 1895?).</subfield></datafield><datafield ind1=" " ind2=" " tag="588"><subfield code="a">Description based on: Vol. 2, no. 1 (June 1891).</subfield></datafield><datafield ind1=" " ind2="0" tag="651"><subfield code="a">Petersburg (Va.)</subfield><subfield code="v">Newspapers.</subfield></datafield><datafield ind1=" " ind2="7" tag="655"><subfield code="a">Newspapers.</subfield><subfield code="2">fast</subfield><subfield code="0">(OCoLC)fst01423814</subfield></datafield><datafield ind1=" " ind2="7" tag="651"><subfield code="a">Virginia</subfield><subfield code="z">Petersburg.</subfield><subfield code="2">fast</subfield><subfield code="0">(OCoLC)fst01209840</subfield></datafield><datafield ind1="1" ind2=" " tag="700"><subfield code="a">Brown, Walter.</subfield></datafield><datafield ind1="1" ind2=" " tag="700"><subfield code="a">Ivey, Thomas B.</subfield></datafield><datafield ind1="2" ind2=" " tag="710"><subfield code="a">Junior Order United American Merchanics.</subfield><subfield code="b">State Council of Virginia.</subfield></datafield><datafield ind1=" " ind2=" " tag="752"><subfield code="a">United States</subfield><subfield code="b">Virginia</subfield><subfield code="d">Petersburg.</subfield></datafield></record>